@inproceedings{Arato1962,
  title={Estimation of the parameters of a stationary Gaussian Markov process},
  author={Arat{\'o}, M.},
  booktitle={Doklady Akademii Nauk},
  volume={145},
  pages={13--16},
  year={1962}
}


@article{Elipot2010,
  title={Modification of inertial oscillations by the mesoscale eddy field},
  author={Elipot, S. and Lumpkin, R. and Prieto, G},
  journal={Journal of Geophysical Research: Oceans},
  volume={115},
  number={C9},
  year={2010}
}

@article{Gneiting2012,
  title={{M}at{\'e}rn cross-covariance functions for multivariate random fields},
  author={Gneiting, T. and Kleiber, W. and Schlather, M.},
  journal={Journal of the American Statistical Association},
  year={2012},
}


@article{Jeffreys1968,
  title={The variation of latitude},
  author={Jeffreys, H.},
  journal={Monthly Notices of the Royal Astronomical Society},
  volume={141},
  number={2},
  pages={255--268},
  year={1968},
}



@article{Kunze1985,
  title={Near-inertial wave propagation in geostrophic shear},
  author={Kunze, E.},
  journal={Journal of Physical Oceanography},
  volume={15},
  number={5},
  pages={544--565},
  year={1985}
}

@inproceedings{Pollard1970,
  title={Comparison between observed and simulated wind-generated inertial oscillations},
  author={Pollard, R.T. and Millard, R.C.},
  booktitle={Deep Sea Research and Oceanographic Abstracts},
  volume={17},
  number={4},
  pages={813--821},
  year={1970},
}



@book{Percival1993,
  title={Spectral analysis for physical applications},
  author={Percival, D.B. and Walden, A.T.},
  year={1993},
}

@article{Sykulski2013,
  title={On Parametric Modeling and Inference for Complex-Valued Time Series},
  author={Sykulski, A.M. and Olhede, S.C. and Lilly, J.M. and Early, J.J.},
  journal={arXiv preprint arXiv:1306.5993},
  year={2013}
}


@article{Sykulski2016,
  title={{L}agrangian time series models for ocean surface drifter trajectories},
  author={Sykulski, A.M. and Olhede, S.C. and Lilly, J.M. and Danioux, E.},
  journal={Journal of the Royal Statistical Society: Series C (Applied Statistics)},
  volume={65},
  number={1},
  pages={29--50},
  year={2016}
}
